@misc{pandas,
  title = {Pandas},
  howpublished = {\url{https://pandas.pydata.org/}},
  note = {Accessed: 2023-04-30}
}