@misc{pacman_wiki,
  title = {Pac-Man},
  author = {Wikipedia},
  howpublished = {\url{https://en.wikipedia.org/wiki/Pac-Man}},
  note = {Accessed: 2023-05-07}
}

@misc{oop_wiki,
  title = {Object-oriented programming},
  author = {Wikipedia},
  howpublished = {\url{https://en.wikipedia.org/wiki/Object-oriented_programming}},
  note = {Accessed: 2023-05-07}
}

@misc{stl_wiki,
  title = {Standard Template Library},
  author = {Wikipedia},
  howpublished = {\url{https://en.wikipedia.org/wiki/Standard_Template_Library}},
  note = {Accessed: 2023-05-07}
}

@misc{sdl,
  title = {Simple DirectMedia Layer},
  author = {Wikipedia},
  howpublished = {\url{https://www.libsdl.org/}},
  note = {Accessed: 2023-05-07}
}

@misc{doxygen,
  title = {Doxygen},
  howpublished = {\url{https://www.doxygen.nl/}},
  note = {Accessed: 2023-05-07}
}

@misc{cpp_tools,
  title = {vscode-cpptools},
  author = {Microsoft},
  howpublished = {\url{https://github.com/microsoft/vscode-cpptools}},
  note = {Accessed: 2023-05-07}
}

@misc{gen_doc,
  title = {doxdocgen},
  howpublished = {\url{https://github.com/cschlosser/doxdocgen}},
  note = {Accessed: 2023-05-07}
}

@misc{astar,
  title = {Algorithme A*},
  author = {Wikipedia},
  howpublished = {\url{https://fr.wikipedia.org/wiki/Algorithme_A*}},
  note = {Accessed: 2023-05-07}
}